%!TEX root=bare_conf.tex
\section{Reference}\label{sec:reference}
%1
@inproceedings{W05,
author    = {Andrew D. Wilson},
title         = {Playanywhere: a compact interactive tabletop projection-vision system},
booktitle = {Proc.\ 18th Annual {ACM} Symposium on User Interface Software and Technology - {UIST}},
year       = {83-92},
pages     = {2005},
}
%2
@misc{F93,
author   = {Anthony Finkelstein},
title       = {Report of the Inquiry Into The London Amulance Service. Section 4039},
year      = {1993},
note      = {available at http://www0.cs.ucl.ac.uk/staff/A.Finkelstein/las/lascase0.9.pdf, accessed at 16 June 2017},
}
%3
@article{NL10,
  author    = {David J. Nott and
               Chenlei Leng},
  title     = {Bayesian projection approaches to variable selection in generalized
               linear models},
  journal   = {Computational Statistics {\&} Data Analysis},
  volume    = {54},
  number    = {12},
  pages     = {3227-3241},
  year      = {2010},
}
%4
@inproceedings{NBZ09,
  author    = {Gene Novark and
               Emery D. Berger and
               Benjamin G. Zorn},
  title     = {Efficiently and precisely locating memory leaks and bloat},
  booktitle = {Proc.\ {ACM} {SIGPLAN} Conference on Programming
               Language Design and Implementatio - {PLDI}},
  pages     = {397-407},
  year      = {2009},
}
%5
@inproceedings{KJMP06,
  author    = {Hyesoon Kim and
               Jos{\'{e}} A. Joao and
               Onur Mutlu},
  title     = {Diverge-Merge Processor {(DMP):} Dynamic Predicated Execution of Complex
               Control-Flow Graphs Based on Frequently Executed Paths},
  booktitle = {Proc.\ 39th Annual {IEEE/ACM} International Symposium on Microarchitecture - {MICRO}},
  pages     = {53-64},
  year      = {2006},
}
%6
@article{ZW01,
author = {Jian Zhang and Xiaoxu Wang},
title = {A Constraint Solver and its Application to Path Feasibility Analysis},
journal = {International Journal of Software Engineering and Knowledge Engineering},
volumn = {11},
number = {2},
pages = {139-156},
year = {2001},
}
%7
@phdthesis{D94,
author ={Kei Davis},
title ={Projection-based program analysis},
school ={Department of Computing. University of Glasgow},
address = {Glasgow, Scotland, UK},
year = {1994},
}
%8
@article{H87,
author = {Loming Hou},
title = {A General Method for the Program Static Analysis},
journal = {Chinese Journal of Computer},
volume = {1987},
number = {2},
pages = {74-81},
year = {1987},
note = {http://www.ixueshu.com/document/090dd8f1c9612084318947a18e7f93\\86.html, accessed at 25 June 2017},
}
%9
@inproceedings{OR06,
  author    = {Maksim Orlovich and
               Radu Rugina},
  title     = {Memory Leak Analysis by Contradiction},
  booktitle = {Proc.\ 13th International Symposium on Static Analysis - {SAS}},
  pages     = {405-424},
  year      = {2006},
}
%10
@article{BPS00,
  author    = {William R. Bush and
               Jonathan D. Pincus and
               David J. Sielaff},
  title     = {A static analyzer for finding dynamic programming errors},
  journal   = {Software - Practice and Experience - {SPE}},
  volume    = {30},
  number    = {7},
  pages     = {775-802},
  year      = {2000},
}
%11
@inproceedings{WJG14,
  author    = {Qian Wang and
               Dahai Jin and
               Yunzhan Gong},
  title     = {A Memory Model Based on Three-Valued Matrix for Static Defect Detection},
  booktitle = {Proc.\ 25th {IEEE} International Symposium on Software Reliability Engineering
               Workshops - {ISSRE}},
  pages     = {251-256},
  year      = {2014},
}
%12
@inproceedings{MFS12,
  author    = {Florian Merz and
               Stephan Falke and
               Carsten Sinz},
  title     = {{LLBMC:} Bounded Model Checking of {C} and {C++} Programs Using a
               Compiler {IR}},
  booktitle = {Proc.\ 4th International Conference on Verified Software: Theories, Tools, Experiments - {VSTTE}},
 volume    = {7152},
  pages     = {146-161},
  year      = {2012},
}
%13
@inproceedings{GDG04,
  author    = {Sumit Gupta and
               Nikil Dutt and
               Rajesh Gupta and
               Alexandru Nicolau},
  title     = {Loop Shifting and Compaction for the High-Level Synthesis of Designs
               with Complex Control Flow},
  booktitle = {Proc.\ Design, Automation and Test in Europe Conference and Exposition
               - {(DATE}},
  pages     = {114-121},
  year      = {2004},
}
%14
@article{KK16,
  author    = {Vini Kanvar and
               Uday P. Khedker},
  title     = {Heap Abstractions for Static Analysis},
  journal   = {{ACM} Comput. Surv.},
  volume    = {49},
  number    = {2},
  pages     = {29:1--29:47},
  year      = {2016},
}
%15
@inproceedings{LCW13,
  author    = {Mengchen Li and
               Yuanjun Chen and
               Linzhang Wang and
               Guoqing (Harry) Xu},
  title     = {Dynamically validating static memory leak warnings},
  booktitle = {Proc.\ 12th Annual International Symposium on Software Testing and Analysis, {ISSTA}},
  pages     = {112-122},
  year      = {2013},
}
%16
@article{JYX13,
author ={Xiu-Juan Ji and Ju-Feng Yang and Jing Xu and Lei Feng},
title={Infinite loop detection based on chains of recurrence algebra and convergence of iterative sequence},
journal={Chinese Journal of Computers},
volume={36},
number={11},
pages={2245-2256},
year={2013},
}
%17
@inproceedings{JYX12,
 author = {Xiujuan Ji and Jufeng Yang and Jing Xu and Lei Feng and Xiaohong Li},
 title = {Interprocedural Path-sensitive Resource Leaks Detection for C Programs},
 booktitle = {Proc.\ 4th Asia-Pacific Symposium on Internetware - {APS}},
 series = {Internetware '12},
 year = {2012},
 pages = {19:1--19:9},
} 
%18
@phdthesis{J14,
author = {Xiu-Juan Ji},
title ={Research on the Static Analysis of Resource Leak Fault},
school ={College of Computer and Control Engineering, Nankai University},
address = {Tianjin, China},
year = {2014},
}
%19
@inproceedings{XA05,
  author    = {Yichen Xie and
               Alexander Aiken},
  title     = {Context- and path-sensitive memory leak detection},
  booktitle = {Proc.\ 10th European Software Engineering Conference held
               jointly with 13th {ACM} {SIGSOFT} International Symposium on Foundations
               of Software Engineering},
  pages     = {115-125},
  year      = {2005},
}
%20
@article{YZ04,
author = {Yu Yang and Jian Zhang},
title = {Static Program Analysis Techniques and Tools},
journal = {Computer Science},
volume = {31},
number = {2},
pages = {171-174},
year = {2004},
}
%21
@inproceedings{KK12,
author ={Bernhard Katzmarski and Rainer Koschke},
title = {Program complexity metrics and programmer opinions},
booktitle={Proc.\ 20th International Conference on Program Comprehension - {ICPC}},
year ={2012},
pages ={17-26},
}
%22
@inproceedings{AJ06,
  author    = {Ashish Aggarwal and
               Pankaj Jalote},
  title     = {Integrating Static and Dynamic Analysis for Detecting Vulnerabilities},
  booktitle = {Proc.\ 30th Annual International Computer Software and Applications Conference - {COMPSAC}},
  year      = {2006},  
  pages     = {343-350},
}
%23
@inproceedings{SJP05,
author={Vipin Swarup and Sushil Jajodia and Joseph Pamula},
title ={Rule-based topological vulnerability analysis},
booktitle={Proc.\ 3rd International Workshop on Mathematical Methods, Models, and Architectures for Computer Network Security - {MMM-ACNS}},
volume ={3685},
pages={23-37},
year={2005},
}
%24
@inproceedings{SYX12,
  author    = {Yulei Sui and
               Ding Ye and
               Jingling Xue},
  title     = {Static memory leak detection using full-sparse value-flow analysis},
  booktitle = {Proc.\ the 11th Annual International Symposium on Software Testing and Analysis - {ISSTA}},
  pages     = {254-264},
  year      = {2012},
}
%25
@article{EL02,
author = {David Evans and David Larochelle},
title = {Improving security using extensible lightweight static analysis},
journal = {IEEE Software},
volume = {19},
number = {1},
pages = {42-51},
year = {2002},
}
%26
@inproceedings{XZX11,
  author    = {Zhenbo Xu and
               Jian Zhang and
               Zhongxing Xu},
  title     = {Memory Leak Detection Based On Memory State Transition Graph},
  booktitle = {Proc.\ the 18th Asia-Pacific Software Engineering Conference - {APSEC}},
  pages     = {33-40},
  year      = {2011},
}
%27
@inproceedings{LLQ16,
  author    = {Xin Li and
               Yongjuan Liang and
               Hong Qian etc.},
  title     = {Symbolic Execution of Complex Program Driven by Machine Learning Based Constraint Solving},
  booktitle = {Proc.\ the 31st International Conference on Automated Software Engineering - {ASE}},
  pages     = {554-559},
  year      = {2016},
}
%28
@article{XZX15,
author = {Zhenbo Xu and
           Jian Zhang},
title = {Melton: a practical and precise memory leak detection tool for C programs},
journal = {Frontiers of Computer Science},
volumn = {9},
number = {1},
pages = {34-54},
year = {2015},
}
%29
@inproceedings{CO11,
  author    = {James Clause and
               Alessandro Orso},
  title     = {LEAKPOINT: Pinpointing the Causes of Memory Leaks},
  booktitle = {Proc.\ International Conference on Software Engineering - {ICSE}},
  pages     = {515-524},
  year      = {2011},
}
%30
@inproceedings{DWC12,
  author    = {Longming Dong and	
				Ji Wang	and
				Liqian Chen},
  title     = {Modular Heap Abstraction-Based Memory Leak Detection for Heap-Manipulating Programs},
  booktitle = {Proc.\ the 19th Asia-Pacific Software Engineering Conference - {APSEC}},
  pages     = {20-29},
  year      = {2012},
}
%31
@inproceedings{MGD14,
  author    = {Jagadiswar Mohapatra and	
				Soumyajit Giri and
				Kumar Debasis},
  title     = {Slicing complex C++ program dynamically},
  booktitle = {Proc.\ International Conference on Advanced Communication Control and Computing Technologies - {ICACCCT}},
  pages     = {1765-1770},
  year      = {2014},
}
%32
@inproceedings{JSHB13,
  author    = {Brittany Johnson and Yoonki Song and Emerson Murphy-Hill and
               Robert Bowdidge},
  title     = {Why Don’t Software Developers Use Static Analysis Tools to Find Bugs?},
  booktitle = {Proc.\ International Conference on Software Engineering - {ICSE}},
  pages     = {672-681},
  year      = {2013},
}
%33
@inproceedings{HL06,
  author    = {David L. Heine and
				Monica S. Lam},
  title     = {Static detection of leaks in polymorphic containers},
  booktitle = {Proc.\ the 28th International Conference on Software Engineering - {ICSE}},
  pages     = {252-261},
  year      = {2006},
}
%34
@inproceedings{LCW13,
  author    = {Mengchen Li and
               Yuanjun Chen and
               Linzhang Wang and
               Guoqing (Harry) Xu},
  title     = {Dynamically validating static memory leak warnings},
  booktitle = {Proc.\ the International Symposium on Software Testing and Analysis - {ISSTA}},
  pages     = {112-122},
  year      = {2013},
}
%35
@inproceedings{FF09,
  author    = {Cormac Flanagan and
               	Stephen N. Freund},
  title     = {FastTrack: efficient and precise dynamic race detection},
  booktitle = {Proc.\ the 30th ACM SIGPLAN Conference on Programming Language Design and Implementation - {PLDI}},
  pages     = {121-133},
  year      = {2009},
}
%36
@inproceedings{JM07,
  author    = {Maria Jump and
               	Kathryn S. McKinley},
  title     = {Cork: dynamic memory leak detection for garbage-collected languages},
  booktitle = {Proc.\ the 34th annual ACM SIGPLAN-SIGACT symposium on Principles of programming languages - {POPL}},
  pages     = {31-38},
  year      = {2007},
} 
%37
@inproceedings{HRMD12,
         author = {Davenport James H. and Bradford Russell and England Matthew and Wilson David},
		title ={Program Verification in the presence of complex numbers, functions with branch cuts etc},
		booktitle={Proc.\ 13th International Symposium on Symbolic and Numeric Algorithms for Scientific Computing - {SYNASC}},
		pages={83-88},
		year={2012},
}
%38
@inproceedings{SYX12,
  author    = {Yulei Sui and
               Ding Ye and
               Jingling Xue},
  title     = {Static memory leak detection using full-sparse value-flow analysis},
  booktitle = {Proc.\ International Symposium on Software Testing and Analysis - {ISSTA}},
  pages     = {254-264},
  year      = {2012},
}
%39
@inproceedings{XR08,
  author    = {Guoqing Xu and
               	Atanas Rountev},
  title     = {Precise memory leak detection for java software using container profiling},
  booktitle = {Proc.\ the 30th international conference on Software engineering - {ICSE}},
  pages     = {151-160},
  year      = {2008},
}
%40
@inproceedings{LLQ16,
  author    = {Xin Li and Yongjuan Liang and Hong Qian etc.},
  title     = {Symbolic Execution of Complex Program Driven by Machine Learning Based Constraint Solving},
  booktitle = {Proc.\ the 31st IEEE/ACM International Conference on Automated Software Engineering - {ASE}},
  pages     = {554-559},
  year      = {2016},
}
%41
@inproceedings{MGDD14,
  author    = {Jagadiswar Mohapatra and Soumyajit Gid and Kumar Debasis and Sujit Kumar Das},
  title     = {Slicing Complex C++ Program Dynamically},
  booktitle = {Proc.\ International Conference on Advanced Communication Control and Computing Teclmologies - {ICACCCT}},
  pages     = {1765-1770},
  year      = {2014},
}
%42
@inproceedings{KFM13,
  author    = {Jan C. Kleinsorge and Heiko Falk and Peter Marwedel},
  title     = {Simple analysis of partial worst-case execution paths on general control flow graphs},
  booktitle = {Proc.\ the 11th ACM International Conference on Embedded Software - {EMSOFT}},
  pages = {16},
  year      = {2013},
}
%43
@inproceedings{DG14,
  author    = {Dengxin Dai and Luc Van Gool},
  title     = {Ensemble Projection for Semi-supervised Image Classification},
  booktitle = {Proc.\ International Conference on Computer Vision - {ICCV}},
  pages     = {2072-2079},
  year      = {2014},
}
%44
@inproceedings{HWS15,
  author    = {Zhiwu Huang and Ruiping Wang and Shiguang Shan},
  title     = {Projection Metric Learning on Grassmann Manifold with Application to Video based Face Recognition},
  booktitle = {Proc.\ Conference on Computer Vision and Pattern Recognition - {CVPR}},
  pages     = {140-149},
  year      = {2015},
}
%45
@inproceedings{YXYR14,
  author    = {Dacong Yan and Guoqing Xu and Shengqian Yang and	Atanas Rountev},
  title     = {LeakChecker: Practical Static Memory Leak Detection for Managed Languages},
  booktitle = {Proc.\ the 12th International Symposium on Code Generation and Optimization - {CGO}},
  pages     = {87-97},
  year      = {2014},
}
%46
@inproceedings{LXL15,
  author    = {Zhiqiang Liu and Bo Xu and Dong Liang},
  title     = {Semantics-based memory leak detection for C programs},
  booktitle = {Proc.\ the 12th International Conference on Fuzzy Systems and Knowledge Discovery - {FSKD}},
  pages     = {2283-2287},
  year      = {2015},
}
%48
@article{ZYC17,
  author    = {Qingchen Zhang and Laurence T. Yang and Zhikui Chen},
  title     = {Privacy-preserving Double-projection Deep Computation Model with Crowdsourcing on Cloud for Big Data Feature Learning},
  journal = {Internet of Things Journal},
  volumn = {PP},
  number = {99},
  pages = {1},
 year = {2017},
}